% Encoding: UTF-8

@Misc{base_allied,
  title     = {Официальный сайт компании Allied Telesis},
  date      = {2023-12-10},
  url       = {https://www.alliedtelesis.com/by/en/about},
}

@Misc{oracle_corp,
  title     = {VLANs Feature Overview and Configuration Guide},
  date      = {2023-12-10},
  url       = {https://www.alliedtelesis.com/sites/default/files/documents/configuration-
guides/vlan_feature_overview_guide.pdf},
}

@Misc{oracle_os,
  title     = {Interfaces Feature Overview and Configuration Guide},
  date      = {2023-12-10},
  url       = {https://www.alliedtelesis.com/sites/default/files/interface_feature_config_guide_re
vb.pdf},
}

@Misc{mikrotik_corp,
  title     = {SSH Feature Overview and Configuration Guide},
  date      = {2023-12-10},
  url       = {https://www.alliedtelesis.com/sites/default/files/documents/configuration-
guides/ssh_feature_overview_guide.pdf},
}

@Misc{mikrotik_router_os,
  title     = {DHCP Feature Overview and Configuration Guide},
  date      = {2023-12-10},
  url       = {https://www.alliedtelesis.com/sites/default/files/documents/feature-
guides/dhcp_feature_overview_guide.pdf},
}

@Misc{mikrotik_router_os_doc,
  title     = {Link Aggregation: LACP and Static Channel Groups Feature Overview and Configuration Guide},
  date      = {2023-12-10},
  url       = {https://www.alliedtelesis.com/sites/default/files/documents/configuration-guides/linkag_feature_overview_guide.pdf},
}

@Misc{pc_compare,
  title     = {TQ5403m Wireless Access Point Management User’s Guide},
  date      = {2023-12-10},
  url       = {https://www.alliedtelesis.com/sites/default/files/documents/configuration-guides/ati-tq1402series-ug.pdf},
}

@Comment{jabref-meta: databaseType:biblatex;}
